<record><leader>00000cas a22000007a 4500</leader><controlfield tag="001">11593204</controlfield><controlfield tag="008">850117d18971899mtuwr ne      0    0eng d</controlfield><datafield ind1=" " ind2=" " tag="010"><subfield code="a">sn 85053012 </subfield></datafield><datafield ind1=" " ind2=" " tag="040"><subfield code="a">MTL</subfield><subfield code="b">eng</subfield><subfield code="c">MTL</subfield><subfield code="d">OCLCQ</subfield></datafield><datafield ind1=" " ind2=" " tag="042"><subfield code="a">msc</subfield></datafield><datafield ind1="0" ind2="4" tag="245"><subfield code="a">The Winston prospector.</subfield></datafield><datafield ind1=" " ind2=" " tag="260"><subfield code="a">Winston, Mont. :</subfield><subfield code="b">Stout &amp; Ford</subfield></datafield><datafield ind1=" " ind2=" " tag="300"><subfield code="a">3 v. :</subfield><subfield code="b">ill. (chiefly ads.) ;</subfield><subfield code="c">55 cm.</subfield></datafield><datafield ind1=" " ind2=" " tag="310"><subfield code="a">Weekly</subfield></datafield><datafield ind1="1" ind2=" " tag="362"><subfield code="a">"Established May 13, 1897."</subfield></datafield><datafield ind1="1" ind2=" " tag="362"><subfield code="a">"Published for about three years."</subfield><subfield code="z">Cf. Broadwater bygones.</subfield></datafield><datafield ind1=" " ind2=" " tag="500"><subfield code="a">Last issue located: Vol. 3, no. 10 (July 20, 1899).</subfield></datafield><datafield ind1=" " ind2=" " tag="500"><subfield code="a">"This paper will take sides with no political party."</subfield></datafield><datafield ind1=" " ind2=" " tag="588"><subfield code="a">Description based on: Vol. 1, no. 3 (May 27, 1897).</subfield></datafield><datafield ind1=" " ind2=" " tag="752"><subfield code="a">United States</subfield><subfield code="b">Montana</subfield><subfield code="c">Broadwater</subfield><subfield code="d">Winston.</subfield></datafield></record>